@Phdthesis{Sridharan2014,
  title        = {{Flight Dynamics, Control and Trajectory Optimization of Rotorcraft Towing Submerged Loads}},
  author       = {Sridharan, A.},
  school       = {University of Maryland},
  year         = {2014}
}

@misc{Kreyszig1997,
  title={{Advanced Engineer Mathematics}},
  author={Kreyszig, E},
  year={1997},
  publisher={John Wiley \& Sons, Latest Edition}
}

@other{AMCM,
author = {},
title = {{MH-60S Airborne Mine Counter-Measures Continues Development}},
year = {Nov 2011},
howpublished = {\url{http://www.mccaskill.senate.gov/ndaa/Supporting%20Docs/67%20-%20Franks/MH-60S%20Airborne%20Mine%20Counter-Measures%20Continues%20Development.html}},
organization = {Defense Industry Insider},
}

@Article{Werle,
  title        = {{On the Flow of Fluids Made Visible}},
  author       = {Werle, H},
  journal      = {Leonardo},
  volume       = {8},
  number       = {4},
  pages        = {329-331},
  year         = {1975}
}

@other{ShipSonar,
author = {Wessex Archaeology},
title = {{Sidescan Sonar}},
year = {2010},
howpublished = {\url{http://ets.wessexarch.co.uk/recs/how-we-study-the-seafloor/geophysical-survey/}},
organization = {Wessex Archaeology},
}

@other{HVguy,
author = {Anonymous},
title = {{General Helicopter Discussions}},
year = {2009},
howpublished = {\url{http://www.justhelicopters.com/COMMUNITY/JHFORUMS/JHAlternateForum/tabid/180/forumid/1/postid/20106/view/topic/Default.aspx}},
organization = {justhelicopters.com},
}

@other{Slingpic,
author = {Staff Sgt. Cooley, M C.},
title = {{664$^\textrm{th}$ Ordn Co Conducts Sling Load Training}},
year = {2011},
howpublished = {\url{http://www.forthoodsentinel.com/story.php?id=6073}},
organization = {Fort Hood Sentinel},
}

@other{Flightlab,
author = {},
title = {{Flight Lab}},
year = {Feb 2008},
howpublished = {\url{http://www.flightlab.com/flightlab.html}},
organization = {Advanced Rotorcraft Technology Inc.},
}

@TechReport{Horton1987,
  author       = {Horton, K J and Ferrer, C M and Watson, K P and Charvoz, D},
  title        = {{Measurements of the Hydrodynamic Force and Strum Characteristics of Stranded Cables}},
  institution  = {Naval Coastal Systems Center, Panama City, Florida},
  number       = {NCSC TM 471-87},
  year         = {December 1987},
}

@TechReport{Ferro,
  author       = {Ferro, R S T},
  title        = {{Force Coefficients for Stranded and Smooth Cables}},
  institution  = {Department of Agriculture and Fisheries for Scotland},
  number       = {47},
  year         = {1990},
}

@TechReport{Howlett,
  author       = {Howlett, J J},
  title        = {{UH-60A Black Hawk Engineering Simulation Program: Volume I - Mathematical Model}},
  institution  = {NASA},
  number       = {CR 166309},
  year         = {December 1981},
}
@Inproceedings{Larrabee1977,
  title        = {{Fast Surface Delivery System for Pollution Response Equipment}},
  author       = {Larrabee, Lt R M and Ward, R},
  booktitle    = {International Oil Spill Conference},
  number       = {1},
  year         = {March 1977},
  organization = {},
  pages        = {417-421},
}
@Inproceedings{2014AHSpaper,
  title        = {{Multiobjective Performance Optimization of a Coaxial Compound Rotorcraft Configuration}},
  author       = {Hersey, S and Sridharan, A and Celi, R},
  booktitle    = {Fifth Decennail AHS Aeromechanics Specialists Conference, San Francisco, CA},
  number       = {1},
  year         = {Jan 2014},
  organization = {},
  pages        = {},
}
@TechReport{JohnsonRotor,
  author       = {Johnson, W},
  title        = {{Aeroelastic Analysis for Rotorcraft in Flight or in a Wind Tunnel}},
  institution  = {NASA},
  number       = {TN D-8515},
  year         = {1977},
}
@Inproceedings{He1989,
  title        = {{Comparison of Measured Induced Velocities with Results from a Closed-form Finite State Wake Model in Forward Flight}},
  author       = {He, C and Peters, D A },
  booktitle    = {45$^\textrm{th}$ Annual National Forum of the American Helicopter Society},
  number       = {},
  year         = {May 1989},
  organization = {AHS}
}
@Inproceedings{BeddoesW,
  title        = {{A Wake Model for High Resolution Airloads}},
  author       = {Beddoes, T S},
  booktitle    = {2$^\textrm{nd}$ International Conference on Basic Rotorcraft Research},
  number       = {},
  year         = {1985},
  organization = {}
}
@Inproceedings{CAMRADII,
  title        = {{Rotorcraft Aerodynamics Models for a Comprehensive Analysis}},
  author       = {Johnson, W},
  booktitle    = {54$^\textrm{th}$ Annual National Forum of the American Helicopter Society},
  number       = {},
  year         = {May 1998},
  organization = {AHS}
}
@Inproceedings{CAMRADIIb,
  title        = {{Rotorcraft Dynamics Models for a Comprehensive Analysis}},
  author       = {Johnson, W},
  booktitle    = {54$^\textrm{th}$ Annual National Forum of the American Helicopter Society},
  number       = {},
  year         = {May 1998},
  organization = {AHS}
}
@Inproceedings{JohnsonW2,
  title        = {{A General Free Wake Geometry Calculation for Wings and Rotors}},
  author       = {Johnson, W},
  booktitle    = {51$^\textrm{st}$ Annual National Forum of the American Helicopter Society},
  number       = {},
  year         = {May 1995},
  organization = {AHS}
}
@Inproceedings{Juhasz,
  title        = {{Flight Dynamic Simulation Modeling of Large Flexible Tiltrotor Aircraft}},
  author       = {{Juhasz, O. and Celi, R and Ivler, C M and Tischler, M B and Berger, T}},
  booktitle    = {68$^\textrm{th}$ Annual National Forum of the American Helicopter Society},
  year         = {May 1995},
  organization = {AHS}
}

@Inproceedings{KTRAN,
  title        = {{Correlation of Flatwise and Chordwise Bending Moments for a Sikorsky Full-Scale Bearingless Main Rotor}},
  author       = {Wang, J M and Norman, T R},
  booktitle    = {American Helicopter Society 3$^\textrm{rd}$ Decennial Specialist's Conference on Aeromechanics},
  number       = {},
  year         = {Jan 1994},
  organization = {}
}
@Inproceedings{RCAS,
  title        = {{Overview of RCAS and Application to Advanced Rotorcraft Problems}},
  author       = {Saberi, H and Khoshlahjeh M and Ormiston, R A and Rutkowski, M J},
  booktitle    = {American Helicopter Society 4$^\textrm{th}$ Decennial Specialist's Conference on Aeromechanics},
  number       = {},
  year         = {January 2004},
  organization = {}
}

@TechReport{Rosen1,
  author       = {Rosen, A and Friedmann, P P},
  title        = {{Nonlinear Equations of Equilibrium for Elastic Helicopter or Wind Turbine Blades undergoing Moderate Deformation}},
  institution  = {NASA},
  number       = {CR 159478},
  year         = {December 1978},
}
@TechReport{HodgesDowell1,
  author       = {Hodges, D H  and Dowell, E H},
  title        = {{Nonlinear Equations of Motion for the Elastic Bending and Torsion of Twisted Nonuniform Rotor Blades}},
  institution  = {NASA},
  number       = {TN D-7818},
  year         = {December 1974},
}
@TechReport{Ormiston1,
  author       = {Hodges, D H and Ormiston, R A and Peters, D A},
  title        = {{On the Nonlinear Deformation Geometry of Euler-Bernoulli Beams}},
  institution  = {NASA/AVRADCOM},
  number       = {1566/80-A-1},
  year         = {April 1980},
}
@TechReport{Chen1,
  author       = {Chen, R T N },
  title        = {{A Survey of Nonuniform Inflow Models for Rotorcraft Flight Dynamics and Control Applications}},
  institution  = {NASA},
  number       = {Technical Memorandum 102219},
  year         = {November 1989},
}
@Book{Leishman1,
title     = {{Principles of Helicopter Aerodynamics}},
author    = {Leishman, J G },
publisher = {Cambridge University Press},
year      = {2002},
}
@Phdthesis{Ananthan,
  title        = {{Analysis of Rotor Wake Aerodynamics During Maneuvering Flight Using a Free-Vortex Wake Methodology}},
  author       = {Ananthan, S},
  school       = {University of Maryland},
  year         = {2006}
}
@Phdthesis{Sgarioto,
  title        = {{Non-linear Dynamic Modeling and Optimal Control of Aerial Tethers for Remote Delivery and Capture of Payloads}},
  author       = {Sgarioto, D},
  school       = {RMIT University},
  year         = {2006}
}
@Phdthesis{Lapthorne,
  title        = {{	Experimental Studies on Circularly Towed Aerial Tethers}},
  author       = {Lapthorne, P},
  school       = {RMIT University},
  year         = {2012}
}
@Phdthesis{Tjavaras,
  title        = {{The Dynamics of Highly Extensible Cables}},
  author       = {Tjavaras, A A},
  school       = {Massachusetts Institute of Technology},
  year         = {1996}
}
@Phdthesis{Howell,
  title        = {{Investigation of the Dynamics of Low-Tension Cables}},
  author       = {Howell, C T},
  school       = {Massachusetts Institute of Technology},
  year         = {1992}
}
@Phdthesis{Abhishek,
  title        = {{Analysis, Validation, Prediction and Fundamental Understanding of Rotor Blade Loads in an Unsteady Maneuver}},
  author       = {Abhishek, A},
  school       = {University of Maryland},
  year         = {2010}
}
@Phdthesis{Bhagwat,
  title        = {{Mathematical Modeling of the Transient Dynamics of Helicopter Rotor Wakes Using a Time-Accurate Free-Vortex Method}},
  author       = {Bhagwat, M J},
  school       = {University of Maryland},
  year         = {2001}
}
@Inproceedings{Wachspress,
  title        = {{BVI Noise Predictions Using a Comprehensive Rotorcraft Analysis}},
  author       = {Wachspess, D A  and Quackenbrush, T R },
  booktitle    = {57$^\textrm{th}$ Annual National Forum of the American Helicopter Society},
  year         = {May 2001},
  organization = {}
}
@Inproceedings{Gupta,
  title        = {{Accuracy of the Induced Velocity of Wind Turbine Wakes using Vortex Segmentation}},
  author       = {Gupta, S and Leishman, J G },
  booktitle    = {23$^\textrm{rd}$ ASME Wind Energy Symposium and the 42$^\textrm{nd}$ AIAA Aerospace Sciences Meeting},
  year         = {January 2004},
  organization = {}
}
@Article{Vatistas,
  title        = {{A Simpler Model for Concentrated Vortices}},
  author       = {Vatistas, G H and Kozel, V and Mih, W C },
  journal      = {Experiments in Fluids},
  volume       = {11},
  number       = {},
  pages        = {73-76},
  year         = {1991}
}
@Article{Kunz,
  title        = {{Survey and Comparison of Engineering Beam Theories for Helicopter Rotor Blades}},
  author       = {Kunz, D L},
  journal      = {Journal of Aircraft},
  volume       = {31},
  number       = {3},
  pages        = {473-479},
  year         = {1994}
}
@Article{Hodges2,
  title        = {{Development of Nonlinear Beam Elements for Rotorcraft Comprehensive Analyses}},
  author       = {Hodges, D H and Saberi, H and Ormiston, R A},
  journal      = {Journal of the American Helicopter Society},
  volume       = {52},
  number       = {1},
  pages        = {36-48},
  year         = {January 2007}
}
@Article{Bachau,
  title        = {{A Multibody Formulation for Helicopter Structural Dynamics Analysis}},
  author       = {Bachau, O A and Kang, N K},
  journal      = {Journal of the American Helicopter Society},
  volume       = {38},
  number       = {2},
  pages        = {3-14},
  year         = {1993}
}
@Article{Bachau2,
  title        = {{Some Contributions on Structural and Dynamic Modeling of Helicopter Rotor Blades}},
  author       = {Borri, M and Mantegazza, P},
  journal      = {l'Aerotecnica Missili e Spazio},
  volume       = {64},
  number       = {9},
  pages        = {143-154},
  year         = {1985}
}
@Article{Implicit2,
  title        = {{Helicopter Rotor Blade Aeroelasticity in Forward Flight with an Implicit Structural Formulation}},
  author       = {Celi, R},
  journal      = {AIAA Journal},
  volume       = {30},
  number       = {9},
  pages        = {2274-2282},
  year         = {1992}
}
@Article{Implicit1,
  title        = {{Rotor Blade Aeroelasticity in Forward Flight with an Implicit Aerodynamic Formulation}},
  author       = {Celi, R and Friedmann, P P },
  journal      = {AIAA Journal},
  volume       = {26},
  number       = {2},
  pages        = {1425-1433},
  year         = {1988}
}
@Article{BagaiJ,
  title        = {{Free-Wake Analysis of Tandem, Tilt-Rotor and Coaxial Rotor Configurations}},
  author       = {Bagai, A and Leishman, J G},
  journal      = {Journal of the American Helicopter Society},
  volume       = {41},
  number       = {3},
  pages        = {196-207},
  year         = {July 1996}
}
@Article{Hodges1,
  title        = {{A Mixed Variational Formulation Based on Exact Intrinsic Equations for Dynamics of Moving Beams}},
  author       = {Hodges, D H},
  journal      = {International Journal of Solids and Structures},
  volume       = {26},
  number       = {11},
  pages        = {1253-1273},
  year         = {1990}
}
@Article{Landgrebe1,
  title        = {{An Analytical Method for Predicting Rotor Wake Geometry}},
  author       = {Landgrebe, A J},
  journal      = {Journal of the American Helicopter Society},
  volume       = {14},
  number       = {4},
  pages        = {20-32},
  year         = {October 1969}
}
@Article{Landgrebe2,
  title        = {{The Wake Geometry of a Hovering Rotor and its Influence on Rotor Performance}},
  author       = {Landgrebe, A J},
  journal      = {Journal of the American Helicopter Society},
  volume       = {17},
  number       = {4},
  pages        = {2-15},
  year         = {October 1972}
}
@Article{RDYNE,
  title        = {{Time-History Analysis for Rotorcraft Dynamics Based on a Component Approach}},
  author       = {Sopher, R and Hallock, D W},
  journal      = {Journal of the American Helicopter Society},
  volume       = {31},
  number       = {1},
  pages        = {},
  year         = {1986}
}
@Article{Bagai,
  title        = {{Flow Visualization of Compressible Vortex Structures Using Density Gradient Techniques}},
  author       = {Bagai, A and Leishman, J G},
  journal      = {Experiments in Fluids},
  volume       = {15},
  number       = {},
  pages        = {431-442},
  year         = {1993}
}
@Phdthesis{BagaiPHD,
  title        = {{Contributions to the Mathematical Modeling of Rotor Flow-Fields using a Pseudo-Implicit Free-Wake Analysis}},
  author       = {Bagai, A},
  school       = {University of Maryland},
  year         = {1995}
}
@Phdthesis{Ribera,
  title        = {{Helicopter Flight Dynamics Simulation with a Time-Accurate Free-Vortex Wake Model}},
  author       = {Ribera, M},
  school       = {University of Maryland},
  year         = {2007}
}
@Phdthesis{Tritschler,
  title        = {{Contributions to the Characterization and Mitigation of Rotorcraft Brownout}},
  author       = {Tritschler, J},
  school       = {University of Maryland},
  year         = {2012}
}
@Book{Saffman,
title     = {{Vortex Dynamics}},
author    = {Saffman, P G},
publisher = {Cambridge University Press},
year      = {1992},
}
@TechReport{Bailey,
  author       = {Bailey, F J },
  title        = {{A Simplified Theoretical Method of Determining the Characteristics of a Lifting Rotor in Forward Flight}},
  institution  = {NACA},
  number       = {716},
  year         = {1941},
}
@TechReport{JohnsonW,
  author       = {Johnson, W},
  title        = {{Wake Model for Helicopter Rotors in High Speed Flight}},
  institution  = {NASA},
  number       = {CR 177507},
  year         = {November 1988},
}
@Article{PittPeters,
  title        = {{Theoretical Prediction of Dynamic Inflow Derivatives}},
  author       = {Pitt, D M and Peters, D A},
  journal      = {Vertica},
  volume       = {5},
  number       = {},
  pages        = {21-34},
  year         = {1987}
}
@book{Johnson,
  title={{Helicopter Theory}},
  author={Johnson, W},
  isbn={9780486682303},
  lccn={94026727},
  series={Dover Books on Aeronautical Engineering Series},
  year={1994},
  publisher={Dover Publications}
}
@TechReport{Knutson,
  author       = {Knutson, R K and Eisenberg, K C},
  title        = {{At-Sea Hydrodynamic Evaluation of Bare Double-Armored Tow Cables}},
  institution  = {David Taylor Research Center},
  number       = {R025967},
  year         = {July 1991},
}
@TechReport{Knutson2,
  author       = {Knutson, R K},
  title        = {{BASIC Desk-Top Computer Program for the Three-Dimensional Static Configuration of an Extensible Flexible Cable in a Uniform Stream}},
  institution  = {DTNSRDC},
  number       = {87/029},
  year         = {August 1987},
}
@TechReport{Tischler,
  author       = {Tischler, M B},
  title        = {{Flight Dynamics Analysis and Simulation of Heavy Lift Airships}},
  institution  = {NASA},
  number       = {TM-166471},
  year         = {December 1982},
}
@Phdthesis{Datta,
  title        = {{Fundamental Understanding, Prediction and Validation of Rotor Vibratory Loads in Steady Level Flight}},
  author       = {Datta, A},
  school       = {University of Maryland},
  year         = {2004}
}
@Article{CeliSoln,
  title        = {{Implementation of Rotary-Wing Aeromechanical Problems Using Differential-Algebraic Equation Solvers}},
  author       = {Celi, R},
  journal      = {Journal of the American Helicopter Society},
  volume       = {45},
  number       = {4},
  pages        = {253-262},
  year         = {October 2000}
}
@Article{WachspressCDI,
  title        = {{Rotorcraft Interactional Aerodynamics with Fast Vortex/Fast Panel Methods}},
  author       = {Wachspress, D A and Quackenbush, T R and Boschitsch A H},
  journal      = {Journal of the American Helicopter Society},
  volume       = {48},
  number       = {4},
  pages        = {223-235},
  year         = {October 2003}
}
@Article{Kamman,
  title        = {{Modeling of Variable Length Towed and Tethered Cable Systems}},
  author       = {Kamman, J W and Huston, R L},
  journal      = {Journal of Guidance, Control and Dynamics},
  volume       = {22},
  number       = {4},
  pages        = {602-608},
  year         = {August 1999}
}
@Article{Kamman2,
  title        = {{Validation of Finite Segment Cable Models}},
  author       = {Huston, R L and Kamman, J W},
  journal      = {Journal of Computers and Structures},
  volume       = {15},
  number       = {6},
  pages        = {653-660},
  year         = {1982}
}
@Article{Huang1994,
  title        = {{Dynamic Analysis of Three-Dimensional Marine Cables}},
  author       = {Huang, S},
  journal      = {Ocean Engineering},
  volume       = {21},
  number       = {6},
  pages        = {587-605},
  year         = {1994}
}
@Article{Evangelinos2002,
  title        = {{Flow-Induced Vibrations of Non-Linear Cables. Part I: Models and Algorithms}},
  author       = {Evangelinos, C and Lucor, D and Su, C H and Karniadakis, G E},
  journal      = {International Journal for Numerical Methods in Engineering},
  volume       = {55},
  number       = {},
  pages        = {535-556},
  year         = {2002}
}
@Article{Delmer1983,
  title        = {{Numerical Simulation of Towed Cables}},
  author       = {Delmer, T N and Stephens, T C and Coe, J M},
  journal      = {Ocean Engineering},
  volume       = {10},
  number       = {2},
  pages        = {119-132},
  year         = {1983}
}
@Article{Sanders1982,
  title        = {{A Three-Dimensional Dynamic Analysis of a Towed System}},
  author       = {Sanders, J V},
  journal      = {Ocean Engineering},
  volume       = {9},
  number       = {5},
  pages        = {483-499},
  year         = {1982}
}
@Article{Ablow1983,
  title        = {{Numerical Simulation of Undersea Cable Dynamics}},
  author       = {Ablow, C M and Schechter, S},
  journal      = {Ocean Engineering},
  volume       = {10},
  number       = {6},
  pages        = {443-457},
  year         = {1983}
}
@Article{Milinazzo1987,
  title        = {{An Efficient Algorithm for Simulating the Dynamics of Towed Cable Systems}},
  author       = {Milinazzo, F and Wilkie, M and Latchman, S A},
  journal      = {Ocean Engineering},
  volume       = {14},
  number       = {6},
  pages        = {513-526},
  year         = {1987}
}
@Article{Delmer1988,
  title        = {{Numerical Simulation of Cable-Towed Acoustic Arrays}},
  author       = {Delmer, T N and Stephens, T C and Temills, J A},
  journal      = {Ocean Engineering},
  volume       = {15},
  number       = {6},
  pages        = {511-548},
  year         = {1988}
}
@Article{Driscoll2000,
  title        = {{Development and Validation of a Lumped-Mass Dynamics Model of a Deep-Sea ROV System}},
  author       = {Driscoll, F R and Lueck, R G and Nahon, M},
  journal      = {Applied Ocean Research},
  volume       = {22},
  number       = {},
  pages        = {169-182},
  year         = {2000}
}
@Article{CeliTurn,
  title        = {{Helicopter Rotor Dynamics in Coordinated Turns}},
  author       = {Celi, R},
  journal      = {Journal of the American Helicopter Society},
  volume       = {36},
  number       = {4},
  pages        = {39-47},
  year         = {October 1991}
}
@book{Petzold,
  title={{The Numerical Solution of Iniitial Value Problems in Differential-Algebraic Equations}},
  author={Brenan, K E and Campbell, S L and Petzold, L R},
  year={1989},
  publisher={Elsevier Science Publishing Co.}
}
@Phdthesis{Kim,
  title        = {{Formulation and Validation of High-Order Mathematical Models of Helicopter Flight Dynamics}},
  author       = {Kim, F},
  school       = {University of Maryland},
  year         = {1991}
}
@Phdthesis{Colin,
  title        = {{Helicopter Flight Dynamic Simulation with Refined Aerodynamic Modeling}},
  author       = {Theodore, C},
  school       = {University of Maryland},
  year         = {2000}
}
@Phdthesis{Fusato,
  title        = {{Design Sensitivity Analysis and Optimization for Helicopter Handling Qualities Improvement}},
  author       = {Fusato, D},
  school       = {University of Maryland},
  year         = {2002}
}
@Phdthesis{Turnour,
  title        = {{Flight Dynamics Modeling of Hingeless and Bearingless Rotor Helicopters}},
  author       = {Turnour, S R},
  school       = {University of Maryland},
  year         = {1996}
}
@TechReport{HYBRD,
  author       = {More, J J and Garbow, B S and Hillstrom, K E },
  title        = {{User`s Guide for MINPACK-1}},
  institution  = {Argonne National Laboratory},
  number       = {ANL-80-74},
  year         = {August 1980},
}
@TechReport{Petzold1980,
  author       = {Petzold, L},
  title        = {{Automatic Selection of Methods for Solving Stiff and Nonstiff Systems of Ordinary Differential Equations}},
  institution  = {Sandia National Laboratory},
  number       = {SAND80-8230},
  year         = {1980},
}
@TechReport{ScullyR,
  author       = {Scully, M P },
  title        = {{A Method of Computing Helicopter Vortex Wake Distortion}},
  institution  = {MIT},
  number       = {ASRL TR 138-1},
  year         = {June 1967},
}
@TechReport{AGARDW,
  author       = {Kocurek, J D and Berkovitz L F},
  title        = {{Velocity Computing : A New Concept or Hover and Axial Flow Wake Analysis and Design}},
  institution  = {AGARD},
  number       = {CP-334},
  year         = {May 1982},
}
@Inproceedings{AGARDAMCM,
  title        = {{U.S. Navy Helicopter Operational Flight Spectrum Survey Program - Past and Present}},
  author       = {Malatino, R E},
  booktitle    = {AGARD Specialists Meeting on Helicopter Design Mission Load Spectra},
  number       = {CP-206},
  year         = {August 1976},
  organization = {},
}
@Inproceedings{Miller1993,
  title={{Airship Mine Countermeasure System - The Cost Effective Solution}},
  author={Miller, J A},
  booktitle={AIAA Lighter-Than-Air Systems Technology Conference, 10$^\textrm{th}$},
  volume={14},
  number={16},
  year={1993}
}
@techreport{Schmitz1996,
  title={{LCAC versus LCU: Are LCAC Worth the Expenditure}},
  author={Schmitz, K L},
  year={1996},
  institution={DTIC Document}
}
@mastersthesis{Weber1995,
  title        = {{An Analysis of Lemmings: A Swarming Approach to Mine Countermeasures in the VSW/SZ/BZ}},
  author       = {Weber, T R },
  school       = {The Naval Postgraduate School, Monterey, CA},
  year         = {1995}
}
@Article{CeliOptim,
  title        = {{Optimization-Based Inverse Simulation of a Helicopter Slalom Maneuver}},
  author       = {Celi, R},
  journal      = {Journal of Guidance, Control and Dynamics},
  volume       = {23},
  number       = {2},
  pages        = {289-297},
  year         = {2000}
}
@mastersthesis{Choi2013,
  title        = {{Out of Sight, Out of Mind: The United States Navy and Mine Warfare in the 21$^\textrm{st}$ Century}},
  author       = {Choi, T H},
  school       = {Center for Military and Strategic Studies},
  year         = {2013}
}
@mastersthesis{Alfred,
  title        = {{Rotorcraft Brownout Mitigation through Flight Path Optimization using a High-Fidelity Rotorcraft Simulation Model}},
  author       = {Alfred, J},
  school       = {University of Maryland},
  year         = {2012}
}
@book{Kirk,
  title={{Optimal Control Theory : An Introduction}},
  author={Kirk, D E},
  year={1970},
  publisher={Prentice-Hall, USA}
}
@TechReport{Thomas,
  author       = {Strandhagen, A G and Thomas, C F},
  title        = {{Dynamics of Towed Underwater Vehicles}},
  institution  = {U.S. Navy Mine Defense Laboratory},
  number       = {219},
  year         = {November 1963},
}
@Article{Grosenbaugh,
  title        = {{Transient Behavior of Towed Cable Systems during Ship Turning Maneuvers}},
  author       = {Grosenbaugh, M A},
  journal      = {Ocean Engineering},
  volume       = {35},
  number       = {11-12},
  pages        = {1532-1542},
  year         = {2007},
}
@Article{Grosenbaugh2,
  title        = {{Time-domain Numerical Simulation of Ocean Cable Structures}},
  author       = {Gobat, J I and Grosenbaugh, M A},
  journal      = {Ocean Engineering},
  volume       = {33},
  number       = {10},
  pages        = {1373-1400},
  year         = {2006},
}
@Article{Buckham1,
  title        = {{Dynamics and Control of a Towed Underwater Vehicle System, part I: Model Development}},
  author       = {Buckham, B and Nahon, M and Seto, M and Zhao, X and Lamber,C},
  journal      = {Ocean Engineering},
  volume       = {30},
  number       = {3},
  pages        = {453-470},
  year         = {2003},
}
@Article{Buckham2,
  title        = {{Dynamics and Control of a Towed Underwater Vehicle System, part II: Model Validation and Turn Maneuver Optimization}},
  author       = {Buckham, B and Nahon, M and Seto, M and Zhao, X and Lamber,C},
  journal      = {Ocean Engineering},
  volume       = {30},
  number       = {4},
  pages        = {471-485},
  year         = {2003},
}
@Article{Handler,
  title        = {{The Helicopter-Towed Hydrofoil Sea Pallet}},
  author       = {Handler, E H},
  journal      = {Journal of the American Helicopter Society},
  volume       = {6},
  number       = {3},
  pages        = {22-26},
  year         = {July 1961},
}
@Article{Schram1968,
  title        = {{A Three-Dimensional Dynamic Analysis of a Towed System}},
  author       = {Schram, J W and Reyle, S P},
  journal      = {Journal of Hydronautics},
  volume       = {2},
  number       = {4},
  pages        = {213-220},
  year         = {October 1968},
}
@Article{Russell1977,
  title        = {{Equilibrium and Stability of a Circularly Towed Cable Subject to Aerodynamic Drag}},
  author       = {Russell, J J and Anderson, W J},
  journal      = {Journal of Aircraft},
  volume       = {14},
  number       = {7},
  pages        = {680-686},
  year         = {July 1977},
}
@Article{Skop1971,
  title        = {{The Configuration of a Cable Towed in a Circular Path}},
  author       = {Skop, R A and Choo, Y-Il},
  journal      = {Journal of Aircraft},
  volume       = {8},
  number       = {11},
  pages        = {856-862},
  year         = {November 1971},
}
@Article{Williams2007,
  title        = {{Dynami cs of Circularly Towed Cable Systems, Part 2: Transitional Flight and Deployment Control}},
  author       = {Williams, P and Trivailo, P},
  journal      = {Journal of Guidance, Control and Dynamics},
  volume       = {30},
  number       = {3},
  pages        = {766-779},
  year         = {2007},
}
@Article{Bourmistrov1995,
  title        = {{Nonlinear Control Law for Aerial Towed Target}},
  author       = {Bourmistrov, A S and Hill, R D and Riseborough, P},
  journal      = {Journal of Guidance, Control and Dynamics},
  volume       = {18},
  number       = {6},
  pages        = {1232-1238},
  year         = {1995},
}
@Article{Williams2006,
  title        = {{Optimal Control of an Aircraft-Towed Flexible Cable System}},
  author       = {Williams, P and Sgarioto, D and Trivailo, P},
  journal      = {Journal of Guidance, Control and Dynamics},
  volume       = {29},
  number       = {2},
  pages        = {401-410},
  year         = {2006},
}
@Article{Cochran1992,
  title        = {{Dynamics and Control of Maneuverable Towed Flight Vehicles}},
  author       = {Cochran Jr, J E and Innocenti, M and No, T S and Thukral, A},
  journal      = {Journal of Guidance, Control and Dynamics},
  volume       = {15},
  number       = {5},
  pages        = {1245-1252},
  year         = {1992},
}
@Article{Peyrot1978,
  title        = {{Analysis of Cable Structures}},
  author       = {Peyrot, A H and Goulois, A M},
  journal      = {Journal of Computers and Structures},
  volume       = {10},
  number       = {},
  pages        = {805-813},
  year         = {1979},
}
@TechReport{Kennedy,
  author       = {{LCDR J. R. Kennedy}},
  title        = {{Helicopter Tow Tests of the U.S. Coast Guard`s Air Delivery Container for Oil Spill Containment Barrier}},
  institution  = {U.S. Naval Coastal Systems Laboratory},
  number       = {NCSL 198-73},
  year         = {December 1973},
}
@TechReport{Ludwig,
  author       = {{LCDR J. E. Ludwig, LT F F. A. Pinegar, LCDR G. Serotsky, J. H. Edris and G. E. Clark}},
  title        = {{Development of a Tow Capability for the HH-3F Helicopter}},
  institution  = {U.S. Naval Air Test Center},
  number       = {CG-D-51-76},
  year         = {April 1976},
}

@Phdthesis{Ronen1985,
  title        = {{Dynamics of a Helicopter with a Sling Load}},
  author       = {Ronen, T},
  school       = {Stanford University},
  year         = {1985}
}
@Inproceedings{Cicolani_2006,
  title        = {{Predictive Capabilities of a UH-60 FLIGHTLAB $^{\textregistered}$ Model with an External Sling Load}},
  author       = {Gassaway, B and Strope, K and Cicolani, L and Lusardi, J and He, C and Robinson, D},
  booktitle    = {62$^\textrm{nd}$ Annual National Forum of the American Helicopter Society},
  year         = {May 2006},
  organization = {}
}
@Inproceedings{Cicolani_2002,
  title        = {{Modeling and Simulation of a Helicopter Slung Load Stabilization Device}},
  author       = {Cicolani, L S and Ehlers, Maj G E},
  booktitle    = {58$^\textrm{th}$ Annual National Forum of the American Helicopter Society},
  year         = {June 2002},
  organization = {}
}
@TechReport{Heffley2006,
  author       = {Hoh, R H and Heffley, R K and Mitchell, D G},
  title        = {{Development of Handling Qualities Criteria for Rotorcraft with Externally Slung Loads}},
  institution  = {NASA},
  number       = {CR-2006-213488},
  year         = {October 2006},
}
@Inproceedings{Vineet2007,
  title        = {{Balancing CH-53K Handling Qualities and Stability Margin Requirements in the Presence of Heavy External Loads}},
  author       = {Sahasrabuddhe, V and Faynberg, A and Pozdin, M and Cheng, R and Tischler, M B and Stumm, A and Lavin, M},
  booktitle    = {63$^\textrm{rd}$ Annual National Forum of the American Helicopter Society},
  year         = {May 2007},
  organization = {}
}
@Inproceedings{Lusardi2009,
  title        = {{UH-60 External Load Handling Qualities Evaluation}},
  author       = {Lusardi, J A and Blanken, C L and Braddom, MAJ S R},
  booktitle    = {35$^\textrm{th}$ European Rotorcraft Forum},
  year         = {September 2009},
  organization = {},
}
@Inproceedings{Lusardi2010,
  title        = {{Development of External Load Handling Qualities Criteria for Rotorcraft}},
  author       = {Lusardi, J A and Blanken, C L and Braddom, LTC S R and Cicolani, L S and Tobias, E L},
  booktitle    = {66$^\textrm{th}$ Annual National Forum of the American Helicopter Society},
  year         = {May 2010},
  organization = {},
}
@TechReport{Heffley1978,
  author       = {Heffley, R K and Jewell, W F and Lehman, J  M and Van Winkle, R A},
  title        = {{A Compilation and Analysis of Helicopter Handling Qualities Data, Volume 1: Data Compilation}},
  institution  = {NASA},
  number       = {CR-3144},
  year         = {February 1978},
}
@Article{Celi2001,
  title        = {{Flight Dynamics of an Articulated Rotor Helicopter with an External Slung Load}},
  author       = {Fusato, D and Guglieri, G and Celi, R},
  journal      = {Journal of the American Helicopter Society},
  volume       = {46},
  number       = {1},
  pages        = {3-13},
  year         = {2001},
}
@inproceedings{Xin2003,
  title        = {{A High Fidelity Simulation Model for Comprehensive Analysis of Rotorcraft Towing Operations}},
  author       = {Xin, H and He, C},
  booktitle    = {59$^\textrm{th}$ Annual National Forum of the American Helicopter Society},
  year         = {2003},
  organization = {AHS},
}
@inproceedings{Seto1999,
  title        = {{A Fully Interactive Dynamic Simulation of a Semi-submersible Towing a Large Towfish}},
  author       = {Seto, MT and Watt, GD and Hopkin, D},
  booktitle    = {OCEANS'99 MTS/IEEE. Riding the Crest into the 21st Century},
  volume       = {3},
  year         = {1999},
  organization = {IEEE},
}
@Book{Gere1991,
title     = {{Mechanics of Materials}},
author    = {Gere, J M and Timoshenko, S P},
publisher = {Springer},
year      = {1991},
}
@book{Abramowitz1964,
    AUTHOR = {Abramowitz, Milton and Stegun, Irene A.},
     TITLE = {Handbook of Mathematical Functions with Formulas, Graphs, and
              Mathematical Tables},
    SERIES = {National Bureau of Standards Applied Mathematics Series},
    VOLUME = {55},
 PUBLISHER = {Superintendent of Documents, U.S. Government
              Printing Office, Washington, D.C.},
      YEAR = {1964},
}
@TechReport{Davis1981,
  author       = {Davis, S J },
  title        = {{Predesign Study for a Modern 4-Bladed Rotor for the RSRA}},
  institution  = {NASA},
  number       = {CR 166155},
  year         = {March 1981},
}
@Article{Johnson2004,
  title        = {{Performance Analysis of a Utility Helicopter with Standard and Advanced Rotors}},
  author       = {Yeo, H and Bousman, W G and Johnson, W},
  journal      = {Journal of the American Helicopter Society},
  volume       = {49},
  number       = {3},
  pages        = {250-270},
  year         = {2004}
}
